%% This BibTeX bibliography file was created using BibDesk.
%% http://bibdesk.sourceforge.net/


%% Created for Felix Bildhauer at 2016-03-01 01:44:17 +0100 


%% Saved with string encoding Unicode (UTF-8) 



@article{Sebastiani2002,
	Acmid = {505283},
	Address = {New York, NY, USA},
	Author = {Sebastiani, Fabrizio},
	Date-Added = {2016-03-01 00:03:53 +0000},
	Date-Modified = {2016-03-01 00:03:53 +0000},
	Doi = {10.1145/505282.505283},
	Issn = {0360-0300},
	Issue_Date = {March 2002},
	Journal = {ACM Computing Surveys},
	Keywords = {Machine learning, text categorization, text classification},
	Number = {1},
	Numpages = {47},
	Pages = {1--47},
	Publisher = {ACM},
	Title = {Machine Learning in Automated Text Categorization},
	Url = {http://doi.acm.org/10.1145/505282.505283},
	Volume = {34},
	Year = {2002},
	Bdsk-Url-1 = {http://doi.acm.org/10.1145/505282.505283},
	Bdsk-Url-2 = {http://dx.doi.org/10.1145/505282.505283}}

@article{Kilgarriff2001,
	Author = {Adam Kilgarriff},
	Date-Added = {2016-03-01 00:01:28 +0000},
	Date-Modified = {2016-03-01 00:01:28 +0000},
	Journal = {International Journal of Corpus Linguistics},
	Number = {1},
	Pages = {97--133},
	Title = {Comparing Corpora},
	Volume = {6},
	Year = {2001}}

@incollection{Sharoff2006,
	Address = {Bologna},
	Author = {Serge Sharoff},
	Booktitle = {Wacky! Working papers on the Web as Corpus},
	Date-Added = {2016-03-01 00:01:28 +0000},
	Date-Modified = {2016-03-01 00:01:28 +0000},
	Editor = {Baroni, Marco and Bernardini, Silvia},
	Owner = {user},
	Publisher = {GEDIT},
	Timestamp = {2011.12.03},
	Title = {Creating General-Purpose Corpora Using Automated Search Engine Queries},
	Year = {2006}}

@techreport{Eagles1996,
	Author = {EAGLES},
	Date-Added = {2016-03-01 00:01:10 +0000},
	Date-Modified = {2016-03-01 00:01:10 +0000},
	Institution = {EAGLES},
	Number = {EAG-TCWG-TTYP/P},
	Title = {Preliminary recommendations on text typology},
	Type = {Technical report},
	Year = {1996}}

@incollection{LandauerDumais1994,
	Address = {Princeton, NJ},
	Author = {Landauer, Thomas K. and Dumais, Susan T.},
	Booktitle = {Princeton, NJ},
	Date-Added = {2016-03-01 00:01:03 +0000},
	Date-Modified = {2016-03-01 00:01:03 +0000},
	Editor = {R. M. Kaplan and J. C. Burstein},
	Publisher = {Educational Testing Service},
	Title = {Latent semantic analysis and the measurement of knowledge},
	Year = {1994}}

@article{LandauerDumais1997,
	Author = {Thomas K. Landauer and Susan T. Dumais},
	Date-Added = {2016-03-01 00:00:58 +0000},
	Date-Modified = {2016-03-01 00:00:58 +0000},
	Journal = {Psychological Review},
	Number = {2},
	Pages = {211-240},
	Title = {A solution to Plato's problem: the Latent Semantic Analysis theory of acquisition, induction and representation of knowledge},
	Volume = {104},
	Year = {1997}}

@inproceedings{SchaeferBildhauer2012a,
	Author = {Roland Sch{\"a}fer and Felix Bildhauer},
	Crossref = {LREC12},
	Pages = {486--493},
	Title = {Building Large Corpora from the Web Using a New Efficient Tool Chain},
	Year = {2012}}

@inproceedings{RehurekSojka2010,
	Address = {Valletta, Malta},
	Author = {Radim {\v R}eh{\r u}{\v r}ek and Petr Sojka},
	Booktitle = {{Proceedings of the LREC 2010 Workshop on New Challenges for NLP Frameworks}},
	Day = {22},
	Language = {English},
	Pages = {45--50},
	Publisher = {ELRA},
	Title = {{Software Framework for Topic Modelling with Large Corpora}},
	Year = {2010}}

@article{BiemannEa2013,
	Author = {Biemann, Chris and Bildhauer, Felix and Evert, Stefan and Goldhahn, Dirk and Quasthoff, Uwe and Sch{\"a}fer, Roland and Simon, Johannes and Swiezinski, Leonard and Zesch, Torsten},
	Journal = {Journal for Language Technology and Computational Linguistics},
	Number = {2},
	Pages = {23--60},
	Title = {Scalable Construction of High-Quality Web Corpora},
	Volume = {28},
	Year = {2013}}

@article{BleiEa2003,
	Author = {David M. Blei and Andrew Y. Ng and Michael I. Jordan},
	Journal = {Journal of Machine Learning Research},
	Pages = {993--1022},
	Title = {Latent Dirichlet Allocation},
	Volume = {3},
	Year = {2003}}

@book{HallWitten2011,
	Address = {Burlington},
	Author = {Mark Hall and Ian H. Witten},
	Edition = {3rd},
	Publisher = {Kaufmann},
	Title = {Data mining: practical machine learning tools and techniques},
	Year = {2011}}

@inproceedings{KupietzEa2010,
	Address = {Valletta, Malta},
	Author = {Marc Kupietz and Cyril Belica and Holger Keibel and Andreas Witt},
	Booktitle = {Proceedings of the Seventh International Conference on Language Resources and Evaluation {(LREC '10)}},
	Editor = {Nicoletta Calzolari and Khalid Choukri and Bente Maegaard and Joseph Mariani and Jan Odijk and Stelios Piperidis and Mike Rosner and Daniel Tapias},
	Pages = {1848--1854},
	Publisher = {European Language Resources Association (ELRA)},
	Title = {The {German} Reference Corpus {DeReKo}: A Primordial Sample for Linguistic Research},
	Year = {2010}}

@article{LandwehrEa2005,
	Author = {Niels Landwehr and Mark Hall and Eibe Frank},
	Journal = {Machine Learning},
	Number = {1--2},
	Pages = {161--205},
	Title = {Logistic Model Trees},
	Volume = {95},
	Year = {2005}}

@inproceedings{Schaefer2015b,
	Address = {Lancaster},
	Author = {Roland Sch{\"a}fer},
	Booktitle = {Proceedings of Challenges in the Management of Large Corpora 3 (CMLC-3)},
	Editor = {Piotr Ba{\'n}ski and Hanno Biber and Evelyn Breiteneder and Marc Kupietz and Harald L{\"u}ngen and Andreas Witt},
	Organization = {UCREL},
	Owner = {user},
	Timestamp = {2015.04.11},
	Title = {Processing and querying large web corpora with the {COW14} architecture},
	Year = {2015}}

@book{SchaeferBildhauer2013de,
	Address = {San Francisco etc.},
	Author = {Roland Sch{\"a}fer and Felix Bildhauer},
	Note = {Im Druck},
	Publisher = {Morgan and Claypool},
	Series = {Synthesis Lectures on Human Language Technologies},
	Title = {Web Corpus Construction},
	Year = {2013}}

@article{UstunEa2006,
	Author = {B{\"u}lent {\"U}st{\"u}n and Willem J. Melssen and Lutgarde M.C. Buydens},
	Journal = {Chemometrics and Intelligent Laboratory Systems},
	Owner = {user},
	Pages = {29--40},
	Timestamp = {2013.09.15},
	Title = {Facilitating the application of {Support Vector Regression} by using a universal {Pearson VII} function based kernel},
	Volume = {81},
	Year = {2006}}

@proceedings{LREC12,
	Address = {Istanbul},
	Booktitle = {Proceedings of the Eight International Conference on Language Resources and Evaluation (LREC'12)},
	Editor = {Nicoletta Calzolari and Khalid Choukri and Thierry Declerck and Mehmet U\u{g}ur Do\u{g}an and Bente Maegaard and Joseph Mariani and Jan Odijk and Stelios Piperidis},
	Publisher = {ELRA},
	Title = {Proceedings of the Eighth International Conference on Language Resources and Evaluation {(LREC '12)}},
	Year = {2012}}

@book{LSAHandbook,
	Address = {Mahwah},
	Editor = {Thomas K. Landauer and Danielle S. McNamara and Simon Dennis and Walter Kintsch},
	Publisher = {Lawrence Erlbaum Associates},
	Title = {Handbook of Latent Semantic Analysis},
	Year = {2007}}
