

@book{MehlerEa2010,
  address =       {Dordrecht},
  editor =        {Alexander Mehler and Serge Sharoff and
                   Marina Santini},
  publisher =     {Springer},
  series =        {Text, Speech and Language Technology},
  title =         {Genres on the Web. {C}omputational Models and
                   Empirical Studies},
  volume =        {42},
  year =          {2010},
}

@article{BiberEgbert2016,
  author =        {Douglas Biber and Jesse Egbert},
  journal =       {Journal of Research Design and Statistics in
                   Linguistics and Communication Science},
  pages =         {3--36},
  title =         {Using Grammatical Features for Automatic Register
                   Identification in an Unrestricted Corpus of Documents
                   from the Open Web},
  volume =        {2},
  year =          {2016},
}

@article{Sebastiani2002,
  address =       {New York, NY, USA},
  author =        {Sebastiani, Fabrizio},
  journal =       {ACM Computing Surveys},
  number =        {1},
  pages =         {1--47},
  publisher =     {ACM},
  title =         {Machine Learning in Automated Text Categorization},
  volume =        {34},
  year =          {2002},
  doi =           {10.1145/505282.505283},
  issn =          {0360-0300},
  url =           {http://doi.acm.org/10.1145/505282.505283},
}

@techreport{EAGLES1996,
  author =        {EAGLES},
  institution =   {EAGLES},
  number =        {EAG-TCWG-TTYP/P},
  type =          {Technical report},
  title =         {Preliminary recommendations on text typology},
  year =          {1996},
}

@incollection{LandauerDumais1994,
  address =       {Princeton, NJ},
  author =        {Landauer, Thomas K. and Dumais, Susan T.},
  booktitle =     {Educational testing service conference on natural
                   language processing techniques and technology in
                   assessment and education},
  editor =        {R. M. Kaplan and J. C. Burstein},
  publisher =     {Educational Testing Service},
  title =         {Latent semantic analysis and the measurement of
                   knowledge},
  year =          {1994},
}

@article{LandauerDumais1997,
  author =        {Thomas K. Landauer and Susan T. Dumais},
  journal =       {Psychological Review},
  number =        {2},
  pages =         {211-240},
  title =         {A solution to Plato's problem: the Latent Semantic
                   Analysis theory of acquisition, induction and
                   representation of knowledge},
  volume =        {104},
  year =          {1997},
}

@article{Kilgarriff2001,
  author =        {Adam Kilgarriff},
  journal =       {International Journal of Corpus Linguistics},
  number =        {1},
  pages =         {97--133},
  title =         {Comparing Corpora},
  volume =        {6},
  year =          {2001},
}

@article{BiemannEa2013,
  author =        {Biemann, Chris and Bildhauer, Felix and Evert, Stefan and
                   Goldhahn, Dirk and Quasthoff, Uwe and
                   Sch{\"a}fer, Roland and Simon, Johannes and
                   Swiezinski, Leonard and Zesch, Torsten},
  journal =       {Journal for Language Technology and Computational
                   Linguistics},
  number =        {2},
  pages =         {23--60},
  title =         {Scalable Construction of High-Quality Web Corpora},
  volume =        {28},
  year =          {2013},
}

@inproceedings{SchaeferBildhauer2012a,
  address =       {Istanbul},
  author =        {Roland Sch{\"a}fer and Felix Bildhauer},
  booktitle =     {Proceedings of the Eight International Conference on
                   Language Resources and Evaluation (LREC'12)},
  editor =        {Nicoletta Calzolari and Khalid Choukri and
                   Thierry Declerck and Mehmet U\u{g}ur Do\u{g}an and
                   Bente Maegaard and Joseph Mariani and Jan Odijk and
                   Stelios Piperidis},
  pages =         {486--493},
  publisher =     {ELRA},
  title =         {Building Large Corpora from the Web Using a New
                   Efficient Tool Chain},
  year =          {2012},
}

@inproceedings{Schaefer2015b,
  address =       {Lancaster},
  author =        {Roland Sch{\"a}fer},
  booktitle =     {Proceedings of Challenges in the Management of Large
                   Corpora 3 (CMLC-3)},
  editor =        {Piotr Ba{\'n}ski and Hanno Biber and
                   Evelyn Breiteneder and Marc Kupietz and
                   Harald L{\"u}ngen and Andreas Witt},
  organization =  {UCREL},
  title =         {Processing and querying large web corpora with the
                   {COW14} architecture},
  year =          {2015},
}

@inproceedings{KupietzEa2010,
  address =       {Valletta, Malta},
  author =        {Marc Kupietz and Cyril Belica and Holger Keibel and
                   Andreas Witt},
  booktitle =     {Proceedings of the Seventh International Conference
                   on Language Resources and Evaluation {(LREC '10)}},
  editor =        {Nicoletta Calzolari and Khalid Choukri and
                   Bente Maegaard and Joseph Mariani and Jan Odijk and
                   Stelios Piperidis and Mike Rosner and Daniel Tapias},
  pages =         {1848--1854},
  publisher =     {European Language Resources Association (ELRA)},
  title =         {The {German} Reference Corpus {DeReKo}: A Primordial
                   Sample for Linguistic Research},
  year =          {2010},
}

@incollection{Sharoff2006,
  address =       {Bologna},
  author =        {Serge Sharoff},
  booktitle =     {Wacky! Working papers on the Web as Corpus},
  editor =        {Baroni, Marco and Bernardini, Silvia},
  publisher =     {GEDIT},
  title =         {Creating General-Purpose Corpora Using Automated
                   Search Engine Queries},
  year =          {2006},
}

@book{HallWitten2011,
  address =       {Burlington},
  author =        {Mark Hall and Ian H. Witten},
  edition =       {3rd},
  publisher =     {Kaufmann},
  title =         {Data mining: practical machine learning tools and
                   techniques},
  year =          {2011},
}

@article{LandwehrEa2005,
  author =        {Niels Landwehr and Mark Hall and Eibe Frank},
  journal =       {Machine Learning},
  number =        {1--2},
  pages =         {161--205},
  title =         {Logistic Model Trees},
  volume =        {95},
  year =          {2005},
}

@article{UstunEa2006,
  author =        {B{\"u}lent {\"U}st{\"u}n and Willem J. Melssen and
                   Lutgarde M.C. Buydens},
  journal =       {Chemometrics and Intelligent Laboratory Systems},
  pages =         {29--40},
  title =         {Facilitating the application of {Support Vector
                   Regression} by using a universal {Pearson VII}
                   function based kernel},
  volume =        {81},
  year =          {2006},
}

@article{BleiEa2003,
  author =        {David M. Blei and Andrew Y. Ng and Michael I. Jordan},
  journal =       {Journal of Machine Learning Research},
  pages =         {993--1022},
  title =         {Latent Dirichlet Allocation},
  volume =        {3},
  year =          {2003},
}

@inproceedings{RehurekSojka2010,
  address =       {Valletta, Malta},
  author =        {Radim {\v R}eh{\r u}{\v r}ek and Petr Sojka},
  booktitle =     {{Proceedings of the LREC 2010 Workshop on New
                   Challenges for NLP Frameworks}},
  pages =         {45--50},
  publisher =     {ELRA},
  title =         {{Software Framework for Topic Modelling with Large
                   Corpora}},
  year =          {2010},
  language =      {English},
}

@proceedings{LREC12,
  address =       {Istanbul},
  booktitle =     {Proceedings of the Eight International Conference on
                   Language Resources and Evaluation (LREC'12)},
  editor =        {Nicoletta Calzolari and Khalid Choukri and
                   Thierry Declerck and Mehmet U\u{g}ur Do\u{g}an and
                   Bente Maegaard and Joseph Mariani and Jan Odijk and
                   Stelios Piperidis},
  publisher =     {ELRA},
  title =         {Proceedings of the Eighth International Conference on
                   Language Resources and Evaluation {(LREC '12)}},
  year =          {2012},
}

